@article{leve,
author={Levin Lin},
year{2002},
title={panel unit root test},
journal={Journal of Econometrics},
volume={100},
number={1},
pages={1-10}
}

@article{llc,
	title={Unit root tests in panel data: asymptotic and finite-sample properties},
	author={Levin, Andrew and Lin, Chien-Fu and Chu, Chia-Shang James},
	journal={Journal of econometrics},
	volume={108},
	number={1},
	pages={1--24},
	year={2002},
	publisher={Elsevier}
}

@article{ips,
	title={Testing for unit roots in heterogeneous panels},
	author={Im, Kyung So and Pesaran, M Hashem and Shin, Yongcheol},
	journal={Journal of econometrics},
	volume={115},
	number={1},
	pages={53--74},
	year={2003},
	publisher={Elsevier}
}

@article{mw,
	title={A comparative study of unit root tests with panel data and a new simple test},
	author={Maddala, Gangadharrao S and Wu, Shaowen},
	journal={Oxford Bulletin of Economics and statistics},
	volume={61},
	number={S1},
	pages={631--652},
	year={1999},
	publisher={Wiley Online Library}
}

@article{hsiao,
	title={Panel data analysisâ€”advantages and challenges},
	author={Hsiao, Cheng},
	journal={Test},
	volume={16},
	number={1},
	pages={1--22},
	year={2007},
	publisher={Springer}
}

@article{df,
	title={Distribution of the estimators for autoregressive time series with a unit root},
	author={Dickey, David A and Fuller, Wayne A},
	journal={Journal of the American statistical association},
	volume={74},
	number={366a},
	pages={427--431},
	year={1979},
	publisher={Taylor \& Francis}
}

@article{pp,
	title={Testing for a unit root in time series regression},
	author={Phillips, Peter CB and Perron, Pierre},
	journal={Biometrika},
	volume={75},
	number={2},
	pages={335--346},
	year={1988},
	publisher={Oxford University Press}
}

@article{panic04,
	title={A PANIC attack on unit roots and cointegration},
	author={Bai, Jushan and Ng, Serena},
	journal={Econometrica},
	volume={72},
	number={4},
	pages={1127--1177},
	year={2004},
	publisher={Wiley Online Library}
}

@article{hlouskova,
	title={The performance of panel unit root and stationarity tests: results from a large scale simulation study},
	author={Hlouskova, Jaroslava and Wagner, Martin},
	journal={Econometric Reviews},
	volume={25},
	number={1},
	pages={85--116},
	year={2006},
	publisher={Taylor \& Francis}
}

@article{hurlin,
	title={Second generation panel unit root tests},
	author={Hurlin, Christophe and Mignon, Val{\'e}rie},
	year={2007}
}

@incollection{breitung2008,
	title={Unit roots and cointegration in panels},
	author={Breitung, J{\"o}rg and Pesaran, M Hashem},
	booktitle={The econometrics of panel data},
	pages={279--322},
	year={2008},
	publisher={Springer}
}

@techreport{smith,
	title={Estimation and inference with non-stationary panel time-series data},
	author={Smith, Ron P},
	year={2000},
	institution={mimeo}
}

@incollection{baltagi2001nonstationary,
	title={Nonstationary panels, cointegration in panels and dynamic panels: A survey},
	author={Baltagi, Badi H and Kao, Chihwa},
	booktitle={Nonstationary panels, panel cointegration, and dynamic panels},
	pages={7--51},
	year={2001},
	publisher={Emerald Group Publishing Limited}
}

@article{kpss,
	title={Testing the null hypothesis of stationarity against the alternative of a unit root: How sure are we that economic time series have a unit root?},
	author={Kwiatkowski, Denis and Phillips, Peter CB and Schmidt, Peter and Shin, Yongcheol},
	journal={Journal of econometrics},
	volume={54},
	number={1-3},
	pages={159--178},
	year={1992},
	publisher={Elsevier}
}

@book{fisher,
	title={Statistical Methods For Research Workers},
	author={Fisher, R.A.},
	isbn={9788130701332},
	series={Cosmo study guides},
	url={https://books.google.cz/books?id=4bTttAJR5kEC},
	year={1925},
	publisher={Cosmo Publications}
}

@article{banerjee1999panel,
	title={Panel data unit roots and cointegration: an overview},
	author={Banerjee, Anindya},
	journal={Oxford Bulletin of economics and Statistics},
	volume={61},
	number={S1},
	pages={607--629},
	year={1999},
	publisher={Wiley Online Library}
}


@article{harris1999inference,
	title={Inference for unit roots in dynamic panels where the time dimension is fixed},
	author={Harris, Richard DF and Tzavalis, Elias},
	journal={Journal of econometrics},
	volume={91},
	number={2},
	pages={201--226},
	year={1999},
	publisher={Elsevier}
}

@article{hadri2000testing,
	title={Testing for stationarity in heterogeneous panel data},
	author={Hadri, Kaddour},
	journal={The Econometrics Journal},
	volume={3},
	number={2},
	pages={148--161},
	year={2000},
	publisher={Wiley Online Library}
}

@article{choi2001unit,
	title={Unit root tests for panel data},
	author={Choi, In},
	journal={Journal of international money and Finance},
	volume={20},
	number={2},
	pages={249--272},
	year={2001},
	publisher={Elsevier}
}

@article{said1984testing,
	title={Testing for unit roots in autoregressive-moving average models of unknown order},
	author={Said, Said E and Dickey, David A},
	journal={Biometrika},
	volume={71},
	number={3},
	pages={599--607},
	year={1984},
	publisher={Oxford University Press}
}

@article{oh1996purchasing,
	title={Purchasing power parity and unit root tests using panel data},
	author={Oh, Keun-Yeob},
	journal={Journal of International Money and Finance},
	volume={15},
	number={3},
	pages={405--418},
	year={1996},
	publisher={Elsevier}
}

@article{ng1995unit,
	title={Unit root tests in ARMA models with data-dependent methods for the selection of the truncation lag},
	author={Ng, Serena and Perron, Pierre},
	journal={Journal of the American Statistical Association},
	volume={90},
	number={429},
	pages={268--281},
	year={1995},
	publisher={Taylor \& Francis}
}

@article{schwert,
	title={Test for Unit Roots: A Monte Carlo Investigation},
	author={Schwert, W},
	journal={Journal of Business and Economic Statistics},
	volume={7},
	number={},
	pages={147-159},
	year={1989},
	publisher={}
}


@article{dickey1986unit,
	title={Unit roots in time series models: Tests and implications},
	author={Dickey, David A and Bell, William R and Miller, Robert B},
	journal={The American Statistician},
	volume={40},
	number={1},
	pages={12--26},
	year={1986},
	publisher={Taylor \& Francis}
}

@article{phillips2003dynamic,
	title={Dynamic panel estimation and homogeneity testing under cross section dependence},
	author={Phillips, Peter CB and Sul, Donggyu},
	journal={The Econometrics Journal},
	volume={6},
	number={1},
	pages={217--259},
	year={2003},
	publisher={Wiley Online Library}
}


@book{davidson2004econometric,
	title={Econometric theory and methods},
	author={Davidson, Russell and MacKinnon, James G},
	volume={5},
	year={2004},
	publisher={Oxford University Press New York}
}

@article{moon2004testing,
	title={Testing for a unit root in panels with dynamic factors},
	author={Moon, Hyungsik Roger and Perron, Benoit},
	journal={Journal of econometrics},
	volume={122},
	number={1},
	pages={81--126},
	year={2004},
	publisher={Elsevier}
}

@article{choi2002combination,
title={Combination unit root tests for cross-sectionally correlated panels},
author={Choi, I},
journal={Econometric Theory and Practice: Frontiers of Analysis and Applied Research},
year={2002},
publisher={Cambridge University Press}
}
